%
% I will periodically re-generate this file automatically.  It contains
% stuff from our PDF database.  Don't edit this file, put stuff not
% in the PDF database in a different .bib file.
% -CDS
%

@STRING {AAEJAF = "Astron. Astrophys."}
@STRING {ABCNBP = "Anal. Bioanal. Chem."}
@STRING {ACHRE4 = "Acc. Chem. Res."}
@STRING {ACIEAY = "Angew. Chem., Int. Ed. Engl."}
@STRING {ACIEF5 = "Angew. Chem. Int. Ed."}
@STRING {AJCHAS = "Austral. J. Chem."}
@STRING {ANALAO = "Analyst"}
@STRING {APJSA2 = "Astron. J. Suppl. Ser."}
@STRING {ASJOAB = "Astrophys. J."}
@STRING {BACCAT = "Bull. Acad. Sci. USSR, Div. Chem. Sci."}
@STRING {BCSJA8 = "Bull. Chem. Soc. Jpn."}
@STRING {CEUJED = "Chem. Eur. J."}
@STRING {CHBEAM = "Chem. Ber."}
@STRING {CHPLBC = "Chem. Phys. Lett."}
@STRING {CJCHAG = "Can. J. Chem."}
@STRING {CHCOFS = "Chem. Comm."}
@STRING {CHREAY = "Chem. Rev."}
@STRING {CSRVBR = "Chem. Soc. Rev."}
@STRING {CCCCAK = "Collect. Czech. Chem. Commun."}
@STRING {CMPHC2 = "Chem. Phys."}
@STRING {COMPTC = "Comput. Theor. Chem."}
@STRING {CPCHFT = "ChemPhysChem"}
@STRING {CPHCBZ = "Comput. Phys. Commun."}
@STRING {CCHRAM = "Coord. Chem. Rev."}
@STRING {IJBMDR = "Int. J. Biol. Macromol."}
@STRING {IJMPDN = "Int. J. Mass Spectrom. Ion Processes"}
@STRING {IJQCB2 = "Int. J. Quantum Chem."}
@STRING {IJQSDI = "Int. J. Quantum Chem. Symp."}
@STRING {INOCAJ = "Inorg. Chem."}
@STRING {IRPCDL = "Int. Rev. Phys. Chem."}
@STRING {JACSAT = "J. Am. Chem. Soc."}
@STRING {JCCCAT = "J. Chem. Soc., Chem. Commun."}
@STRING {JCCHDD = "J. Comput. Chem."}
@STRING {JCTCCE = "J. Chem. Theory Comput."}
@STRING {JCSDAA = "J. Chem. Soc., Daldon Trans."}
@STRING {JCFTBS = "J. Chem. Soc., Faraday Trans. II"}
@STRING {JCFTEV = "J. Chem. Soc., Faraday Trans."}
@STRING {JCPSA6 = "J. Chem. Phys."}
@STRING {JESRAW = "J. Electr. Spectrosc. Rel. Phenomena"}
@STRING {JMCHEG = "J. Math. Chem."}
@STRING {JMCMAR = "J. Med. Chem."}
@STRING {JMOBAK = "J. Mol. Biol."}
@STRING {JMOSA3 = "J. Mol. Spectrosc."}
@STRING {JMOSB4 = "J. Mol. Structure"}
@STRING {JOCEAH = "J. Org. Chem."}
@STRING {JPAMA4 = "J. Phys. B"}
@STRING {JPAPEH = "J. Phys. B"}
@STRING {JPCAFH = "J. Phys. Chem. A"}
@STRING {JPCBFK = "J. Phys. Chem. B"}
@STRING {JPCCCK = "J. Phys. Chem. C"}
@STRING {JPCHAX = "J. Phys. Chem."}
@STRING {JPCLCD = "J. Phys. Chem. Lett."}
@STRING {JPOCEE = "J. Phys. Org. Chem."}
@STRING {JSTCAM = "J. Struct. Chem."}
@STRING {JTCCHM = "J. Theor. Comp. Chem."}
@STRING {MOPHAM = "Mol. Phys."}
@STRING {OBCRAK = "Org. Biomol. Chem."}
@STRING {ORGND7 = "Organometallics"}
@STRING {JPOCEE = "J. Phys. Org. Chem."}
@STRING {JSTCAM = "J. Struct. Chem."}
@STRING {JTCCHM = "J. Theor. Comp. Chem."}
@STRING {MOPHAM = "Mol. Phys."}
@STRING {NCAHBB = "Nat. Chem."}
@STRING {ORGND7 = "Organometallics"}
@STRING {ORLEF7 = "Org. Lett."}
@STRING {PPCPFQ = "Phys. Chem. Chem. Phys."}
@STRING {PRLTAO = "Phys. Rev. Lett."}
@STRING {PHYSRV = "Phys. Rev."}
@STRING {PLRAAN = "Phys. Rev. A"}
@STRING {PRBMDO = "Phys. Rev. B"}
@STRING {POLNCL = "PLoS ONE"}
@STRING {PNASA6 = "Proc. Natl. Acad. Sci. USA"}
@STRING {PRCIEI = "Protein Sci."}
@STRING {RJICAQ = "Russ. J. Inorg. Chem."}
@STRING {RJPCAR = "Russ. J. Phys. Chem."}
@STRING {SAMCAS = "Spectrochim. Acta, Part A"}
@STRING {SCIEAS = "Science"}
@STRING {SJCCDA = "Sov. J. Coord. Chem."}
@STRING {SSCOA4 = "Solid State Commun."}
@STRING {SUSCAS = "Surface Science"}
@STRING {TCACFW = "Theor. Chem. Acc."}
@STRING {TCHAAM = "Theor. Chim. Acta"}
@STRING {TEXCAK = "Theor. Exper. Chem."}
@STRING {THEODJ = "J. Mol. Struct. THEOCHEM"}
@STRING {ZSTKAI = "Zh. Strukt. Khim."}

@STRING {WCMS = "WIREs Comput. Mol. Sci."}

@STRING {JCompPhys = "J. Comp. Phys."}
@STRING {JCompChem = "J. Comp. Chem."}
@STRING {IJQC = "Int. J. Quantum Chem."}
@STRING {TCA = "Theoret. Chim. Acta"}
@STRING {JCP = "J. Chem. Phys."}
@STRING {JACS = "J. Am. Chem. Soc."}
@STRING {JPhysChem = "J. Phys. Chem."}
@STRING {MolPhys = "Mol. Phys."}
@STRING {RevModPhys = "Rev. Mod. Phys."}
@STRING {AnnRevPhysChem = "Ann. Rev. Phys. Chem."}
@STRING {JMedChem = "J. Med. Chem."}
@STRING {JMolBiol = "J. Mol. Biol."}
@STRING {CPL = "Chem. Phys. Lett."}
@STRING {AdvQuantumChem = "Adv. Quantum Chem."}
@STRING {JPC = "J. Phys. Chem."}
@STRING {AdvChemPhys = "Adv. Chem. Phys."}
@STRING {PCCP = "Phys. Chem. Chem. Phys."}



@ARTICLE {Adler:2007:221106,
   author = "T. B. Adler and G. Knizia and H.-J. Werner",
   title = "A Simple and Efficient {CCSD(T)-F12} Approximation",
   journal = JCPSA6,
   volume = "127",
   pages = "221106",
   year = "2007",
   doi = "10.1063/1.2817618",
   }

@ARTICLE {Ahlrichs:1977:119,
   author = "R. Ahlrichs and R. Penco and G. Scoles",
   title = "Intermolecular Forces in Simple Systems",
   journal = CMPHC2,
   volume = "19",
   pages = "119-130",
   year = "1977",
   doi = "INTN",
   }

@ARTICLE {Bakr:2018:18241,
   author = "B. W. Bakr and C. D. Sherrill",
   title = "Analysis of Transition State Stabilization by Non-Covalent
      Interactions in Organocatalysis: {A}pplication of Atomic and
      Functional-Group Partitioned Symmetry-Adapted Perturbation Theory to the
      Addition of Organoboron Reagents to Fluoroketones",
   journal = PPCPFQ,
   volume = "20",
   pages = "18241-18251",
   year = "2018",
   funding = "U.S. Department of Energy, Office of Basic Energy Science
      [DE-FG02-03ER15459]; U.S. National Science Foundation [CHE-1566192]",
   doi = "10.1039/c8cp02029a",
   }

@ARTICLE {Bozkaya:2017:044104,
   author = "U. Bozkaya and C. D. Sherrill",
   title = "Analytic Energy Gradients for the Coupled-Cluster Singles and
      Doubles with Perturbative Triples Method with the Density-Fitting
      Approximation",
   journal = JCPSA6,
   volume = "147",
   pages = "044104",
   year = "2017",
   funding = "Scientific and Technological Research Council of Turkey
      [Tubitak-114Z786], European Cooperation in Science and Technology
      [CM1405], U.S. National Science Foundation [ACI-1147843, CHE-1566192],
      Outstanding Scientist Award from the Turkish Academy of Sciences to U.B.
      [Tuba-GEBIP 2015].",
   doi = "10.1063/1.4994918",
   }

@ARTICLE {Brahmachari:2017:10327,
   author = "U. Brahmachari and J. F. Gonthier and C. D. Sherrill and B. A.
      Barry",
   title = "Chloride Maintains a Protonated Internal Water Network in the
      Photosynthetic Oxygen Evolving Complex",
   journal = JPCBFK,
   volume = "121",
   pages = "10327-10337",
   year = "2017",
   funding = "U.S. National Science Foundation [MCB 14-11734, CHE-1566192];
      Swiss National Science Foundation [P2ELP2_155351]",
   doi = "10.1021/acs.jpcb.7b08358",
   }

@ARTICLE {Brahmachari:2019:4487,
   author = "U. Brahmachari and J. F. Gonthier and C. D. Sherrill and B. A.
      Barry",
   title = "Water Bridges Conduct Sequential Proton Transfer in Photosynthetic
      Oxygen Evolution",
   journal = JPCBFK,
   volume = "123",
   pages = "4487-4496",
   year = "2019",
   funding = "NSF [MCB-1411734, CLP-1801926, CHE-1566192]; Swiss NSF
      [P2ELP2_155351]",
   doi = "10.1021/acs.jpcb.9b01523",
   }

@ARTICLE {Bukowski:2007:1249,
   author = "R. Bukowski and K. Szalewicz and G. C. Groenenboom and A. van der
      Avoird",
   title = "Predictions of the Properties of Water From First Principles",
   journal = SCIEAS,
   volume = "315",
   pages = "1249-1252",
   year = "2007",
   doi = "10.1126/science.1136371",
   }

@ARTICLE {Bukowski:2008:094313,
   author = "R. Bukowski and K. Szalewicz and G. C. Groenenboom and A.
      {van~der~Avoird}",
   title = "Polarizable Interaction Potential for Water From Coupled Cluster
      Calculations. {I.} {A}nalysis of Dimer Potential Energy Surface",
   journal = JCPSA6,
   volume = "128",
   pages = "094313",
   year = "2008",
   doi = "10.1063/1.2832746",
   }

@ARTICLE {Burns:2011:084107,
   author = "L. A. Burns and {\'A}. V{\'a}zquez-Mayagoitia and B. G. Sumpter
      and C. D. Sherrill",
   title = "Density-Functional Approaches to Noncovalent Interactions: {A}
      Comparison of Dispersion Corrections ({DFT-D}), Exchange-Hole Dipole
      Moment ({XDM}) Theory, and Specialized Functionals",
   journal = JCPSA6,
   volume = "134",
   pages = "084107",
   year = "2011",
   funding = "United States National Science Foundation [CHE-1011360]; NSF
      CRIF [CHE-0946869]; Georgia Institute of Technology ; Center for
      Nanophase Materials Sciences at Oak Ridge National Laboratory by the
      Scientific User Facilities Division, U.S. Department of Energy ;
      Department of Energy, Offices of Basic Energy Science; Advanced
      Scientific Computing Research as part of the SciDAC program; Office of
      Scien",
   doi = "10.1063/1.3545971",
   }

@ARTICLE {Burns:2014:234111,
   author = "L. A. Burns and M. S. Marshall and C. D. Sherrill",
   title = "Appointing Silver and Bronze Standards for Noncovalent
      Interactions: {A} Comparison of Spin-Component-Scaled ({SCS}),
      Explicitly Correlated ({F12}), and Specialized Wavefunction
      Approaches",
   journal = JCPSA6,
   volume = "141",
   pages = "234111",
   year = "2014",
   funding = "U.S. National Science Foundation [CHE-1300497, CHE-0946869]",
   doi = "10.1063/1.4903765",
   }

@ARTICLE {Burns:2017:161727,
   author = "L. A. Burns and J. C. Faver and Z. Zheng and M. S. Marshall and
      D. G. A. Smith and K. Vanommeslaeghe and A. D. MacKerell and K. M. Merz
      and C. D. Sherrill",
   title = "The BioFragment Database {(BFDb)}: {A}n Open-Data Platform for
      Computational Chemistry Analysis of Noncovalent Interactions",
   journal = JCPSA6,
   volume = "147",
   pages = "161727",
   year = "2017",
   funding = "U.S. National Science Foundation [ACI-1449723, CHE-1566192];
      U.S. National Institutes of Health [RO1 GM044974, R01 GM066859, R01
      GM070855, R01 GM072558, R44GM109635]",
   doi = "10.1063/1.5001028",
   }

@ARTICLE {Calbo:2015:932,
   author = "J. Calbo and E. Ort{\'i} and J. C. Sancho-Garc{\'i}a and J.
      Arag{\'o}",
   title = "Accurate Treatment of Large Supramolecular Complexes by
      Double-Hybrid Density Functionals Coupled with Non Local van der Waals
      Corrections",
   journal = JCTCCE,
   volume = "11",
   pages = "932-939",
   year = "2015",
   funding = "Ministerio de Economia y Competitividad (MINECO) of Spain;
      European FEDER funds [CTQ2011-27253, CTQ2012-31914]; Generalitat
      Valenciana [Prometeo/2012/053]; EU [FP7-PEOPLE-2012-IEF-329513];
      Ministerio de Educacion, Cultura y Deporte (MECD) of Spain",
   doi = "10.1021/acs.jctc.5b00002",
   }

@ARTICLE {Chen:2019:3260,
   author = "X.-K. Chen and B. W. Bakr and M. Auffray and Y. Tsuchiya and C.
      D. Sherrill and C. Adachi and J. L. Br{\'e}das",
   title = "Intramolecular Noncovalent Interactions Facilitate Thermally
      Activated Delayed Fluorescence {(TADF)}",
   journal = JPCLCD,
   volume = "10",
   pages = "3260-3268",
   year = "2019",
   funding = "U.S. Department of Energy [DE-EE0008205], Kyulux, U.S. National
      Science Foundation [CHE-1566192], Japan Science and Technology Agency
      [JPMJER1305, 17H01232]",
   doi = "10.1021/acs.jpclett.9b01220",
   }

@ARTICLE {Condoluci:2017:214309,
   author = "J. Condoluci and A. T. Calvin and R. Rugango and G. Shu and C. D.
      Sherrill and K. R. Brown",
   title = "Reassigning the {CaH$^+$ 1 $^1\Sigma$ $\rightarrow$ 2 $^1\Sigma$}
      Vibronic Transition with {CaD$^+$}",
   journal = JCPSA6,
   volume = "147",
   pages = "214309",
   year = "2017",
   funding = "Army Research Office [W911NF-12-1-0230, W911NF-14-1-0378]. U.S.
      National Science Foundation [PHY-1404388, CHE-1566192, ACI-1147843]",
   doi = "10.1063/1.5016556",
   }

@ARTICLE {Csaszar:1998:9751,
   author = "A. G. Cs{\'a}sz{\'a}r and W. D. Allen and H. F. Schaefer",
   title = "In Pursuit of the {\em Ab Initio} Limit for Conformational Energy
      Prototypes",
   journal = JCPSA6,
   volume = "108",
   number = "23",
   pages = "9751-9764",
   year = "1998",
   }

@ARTICLE {Cybulski:1995:10116,
   author = "S. M. Cybulski and R. Burcl and G. Chalasinski and M. M.
      Szczesniak",
   title = "Partitioning of Interaction Energy in Van Der Waals Complexes
      Involving Excited-State Species: The He({$S_1$}) + Cl({B $^3\Pi_u$})
      Interaction",
   journal = JCPSA6,
   volume = "103",
   pages = "10116-10127",
   year = "1995",
   doi = "10.1063/1.469913",
   }

@MISC {DOE:1999,
  note = "Strategic Plan of the Office of Science, U.S. Department of
    Energy, 1999."
}

@ARTICLE {Douketis:1982:3057,
   author = "C. Douketis and G. Scholes and S. Marchetti and M. Zen and A. J.
      Thakkar",
   title = "Intermolecular Forces Via Hybrid Hartree-Fock {SCF} Plus Damped
      Dispersion {(HFD)} Energy Calculations. {A}n Improved Spherical Model",
   journal = JCPSA6,
   volume = "76",
   pages = "3057-3063",
   year = "1982",
   doi = "10.1063/1.443345",
   }

@ARTICLE {East:1993:4638,
   author = "A. L. L. East and W. D. Allen",
   title = "The Heat of Formation of NCO",
   journal = JCPSA6,
   volume = "99",
   number = "6",
   pages = "4638-4650",
   year = "1993",
   }

@ARTICLE {Faver:2011:790,
   author = "J. C. Faver and M. L. Benson and X. He and B. P. Roberts and B.
      Wang and M. S. Marshall and M. R. Kennedy and C. D. Sherrill and K. M.
      {Merz~Jr.}",
   title = "Formal Estimation of Errors in Computed Absolute Interaction
      Energies of Protein-Ligand Complexes",
   journal = JCTCCE,
   volume = "7",
   pages = "790-797",
   year = "2011",
   funding = "National Institutes of Health [GM044974, GM066689]; National
      Science Foundation [CHE-1011360]; National Center for Computational
      Sciences at Oak Ridge National Laboratory [DE-AC05-00OR22725]; Chemistry
      Endstation",
   doi = "10.1021/ct100563b",
   }

@INCOLLECTION {Fortenberry:2015:PSI4Education,
  author = "R. C. Fortenberry and A. Ringer McDonald and T. D. Shepherd
    and M. Kennedy and C. D. Sherrill",
  title = "{\sc PSI4}Education: Computational Chemistry Labs Using Free 
    Software",
  booktitle = "The Promise of Chemical Education: Addressing our Students'
    Needs",
  seriestitle = "ACS Symposium Series",
  volume = "1193",
  pages = "85-98",
  editor = "K. Daus and R. Rigsby",
  publisher = "American Chemical Society",
  address = "Washington, D.C.",
  year = "2015",
  }

@ARTICLE {Gonthier:2016:134106,
   author = "J. F. Gonthier and C. D. Sherrill",
   title = "Density-Fitted Open-Shell Symmetry-Adapted Perturbation Theory and
      Application to {$\pi$}-Stacking in Benzene Dimer Cation and Ionized
      {DNA} Base Pair Steps",
   journal = JCPSA6,
   volume = "145",
   pages = "134106",
   year = "2016",
   funding = "Swiss National Science Foundation [P2ELP2_155351], U.S. National
      Science Foundation [CHE-1566192, ACI-1147843]",
   doi = "10.1063/1.4963385",
   }

@ARTICLE {Grafova:2010:2365,
   author = "L. Gr{\'a}fov{\'a} and M. Pito{\v{n}}{\'a}k and J.
      {\v{R}}ez{\'a}{\v{c}} and P. Hobza",
   title = "Comparative Study of Selected Wave Function and Density Functional
      Methods for Noncovalent Interaction Energy Calculations Using the
      Extended {S22} Data Set",
   journal = JCTCCE,
   volume = "6",
   pages = "2365-2376",
   year = "2010",
   doi = "10.1021/ct1002253",
   }

@ARTICLE {Grimme:2010:154104,
   author = "S. Grimme and J. Antony and S. Ehrlich and H. Krieg",
   title = "A Consistent and Accurate Ab Initio Parametrization of Density
      Functional Dispersion Correction ({DFT-D}) for the 94 Elements {H-Pu}",
   journal = JCPSA6,
   volume = "132",
   pages = "154104",
   year = "2010",
   doi = "10.1063/1.3382344",
   }

@ARTICLE {Grimme:2011:1456,
   author = "S. Grimme and S. Ehrlich and L. Goerigk",
   title = "Effect of the Damping Function in Dispersion Corrected Density
      Functional Theory",
   journal = JCCHDD,
   volume = "32",
   pages = "1456-1465",
   year = "2011",
   funding = "Deutsche Forschungsgemeinschaft[SFB 858]; Fonds der chemischen
      Industrie",
   doi = "10.1002/jcc.21759",
   }

@ARTICLE {Halkier:1998:CBS,
   author = "A. Halkier and T. Helgaker and P. J{\o}rgensen and W. Klopper and
      H. Koch and J. Olsen and A. K. Wilson",
   title = "Basis-set Convergence in Correlated Calculations On {Ne}, {N$_2$},
      and {H$_2$O}",
   journal = CHPLBC,
   volume = "286",
   pages = "243-252",
   year = "1998",
   }

@ARTICLE {Hapka:2012:164104,
   author = "M. Hapka and P. S. Zuchowski and M. M. Szczesniak and G.
      Chalasinski",
   title = "Symmetry-Adapted Perturbation Theory Based On Unrestricted
      {K}ohn-{S}ham Orbitals for High-Spin Open-Shell van der {W}aals
      Complexes",
   journal = JCPSA6,
   volume = "137",
   pages = "164104",
   year = "2012",
   doi = "INTN",
   }

@ARTICLE {Hattig:2010:231102,
   author = "C. H{\"a}ttig and D. P. Tew and A. Kohn",
   title = "Communications: Accurate and Efficient Approximations to
      Explicitly Correlated Coupled-Cluster Singles and Doubles, CCSD-F12",
   journal = JCPSA6,
   volume = "132",
   pages = "231102",
   year = "2010",
   doi = "10.1063/1.3442368",
   }

@ARTICLE {Hepburn:1975:451,
   author = "J. Hepburn and G. Scoles and R. Penco",
   title = "A Simple But Reliable Method for the Prediction of Intermolecular
      Potentials",
   journal = CHPLBC,
   volume = "36",
   pages = "451-456",
   year = "1975",
   doi = "INTN",
   }

@ARTICLE {Hesselmann:2005:014103,
   author = "A. He{\ss}elmann and G. Jansen and M. Sch{\"u}tz",
   title = "Density-functional Theory-symmetry-adapted Intermolecular
      Perturbation Theory with Density Fitting: A New Efficient Method to
      Study Intermolecular Interaction Energies",
   journal = JCPSA6,
   volume = "122",
   pages = "014103",
   year = "2005",
   }

@ARTICLE {Hesselmann:2011:11321,
   author = "A. Hesselmann",
   title = "Comparison of Intermolecular Interaction Energies From SAPT and
      DFT Including Empirical Dispersion Contributions",
   journal = JPCAFH,
   volume = "115",
   pages = "11321-11330",
   year = "2011",
   funding = "German Research Council (DFG)",
   doi = "10.1021/jp205031e",
   }

@ARTICLE {Hobza:1996:18790,
   author = "P. Hobza and H. L. Selzle and E. W. Schlag",
   title = "Potential Energy Surface for the Benzene Dimer.  Results Of {\em
      Ab Initio} {CCSD(T)} Calculations Show Two Nearly Isoenergetic
      Structures: T-Shaped and Parallel-Displaced",
   journal = JPCHAX,
   volume = "100",
   pages = "18790-18794",
   year = "1996",
   }

@ARTICLE {Hohenstein:2010:014101,
   author = "E. G. Hohenstein and C. D. Sherrill",
   title = "Density Fitting of Intramonomer Correlation Effects in
      Symmetry-Adapted Perturbation Theory",
   journal = JCPSA6,
   volume = "133",
   pages = "014101",
   year = "2010",
   funding = "National Science Foundation [CHE-0715268]; U.S. Department of
      Energy, division of Advanced Scientific Computing Research, Chemistry
      Endstation",
   doi = "10.1063/1.3451077",
   }

@ARTICLE {Hohenstein:2010:104107,
   author = "E. G. Hohenstein and C. D. Sherrill",
   title = "Efficient Evaluation of Triple Excitations in Symmetry-Adapted
      Perturbation Theory via Second-Order M{\o}ller-Plesset Perturbation
      Theory Natural Orbitals",
   journal = JCPSA6,
   volume = "133",
   pages = "104107",
   year = "2010",
   funding = "National Science Foundation [CHE-1011360]; U.S. Department of
      Energy, division of Advanced Scientific Computing Research, Chemistry
      Endstation; NSF CRIF award [CHE 04-43564]; Georgia Tech",
   doi = "10.1063/1.3479400",
   }

@ARTICLE {Hohenstein:2010:184111,
   author = "E. G. Hohenstein and C. D. Sherrill",
   title = "Density Fitting and {C}holesky Decomposition Approximations in
      Symmetry-adapted Perturbation Theory: {I}mplementation and Application
      to Probe the Nature of {$\pi$-$\pi$} Interactions in Linear Acenes",
   journal = JCPSA6,
   volume = "132",
   pages = "184111",
   year = "2010",
   funding = "National Science Foundation [CHE-0715268]; American Chemical
      Society Petroleum Research Fund [44262-AC6]; U.S. Department of Energy,
      division of Advanced Scientific Computing Research, Chemistry
      Endstation; NSF CRIF [CHE 04-43564]; Georgia Tech",
   doi = "10.1063/1.3426316",
   }

@ARTICLE {Hohenstein:2011:174107,
   author = "E. G. Hohenstein and R. M. Parrish and C. D. Sherrill and J. M.
      Turney and H. F. Schaefer",
   title = "Large-scale Symmetry-adapted Perturbation Theory Computations Via
      Density Fitting and {L}aplace Transformation Techniques: Investigating
      the Fundamental Forces of {DNA}-intercalator Interactions",
   journal = JCPSA6,
   volume = "135",
   pages = "174107",
   year = "2011",
   funding = "National Science Foundation [CHE-1011360, CHE-1054286,
      CHE-0946869]",
   doi = "10.1063/1.3656681",
   }

@ARTICLE {Hohenstein:2012:304,
   author = "E. G. Hohenstein and C. D. Sherrill",
   title = "Wavefunction Methods for Noncovalent Interactions",
   journal = WCMS,
   volume = "2",
   pages = "304-326",
   year = "2012",
   funding = "US National Science Foundation (NSF) [CHE-1011360,
      CHE-0946869].",
   doi = "10.1002/wcms.84",
   }

@ARTICLE {Huang:2019:6677,
   author = "T.-Y. Huang and F. A. Larrain and C. H. Borca and C.
      Fuentes-Hernandez and H. Yan and S. A. Schneider and W.-F. Chou and V.
      A. Rodriguez-Toro and H.-G. Steinr{\"u}ck and C. Cao and C. D. Sherrill
      and B. Kippelen and M. F. Toney",
   title = "Morphology of Organic Semiconductors Electrically Doped From
      Solution Using Phosphomolybdic Acid",
   journal = "Chem. Mater.",
   volume = "31",
   pages = "6677-6683",
   year = "2019",
   funding = "Office of Naval Research [N00014-14-1-0580, N00014-16-1-2520,
      N00014-16-1-2678]; SLAC, DOE BES [DE-AC02-76SF00515]; U.S. National
      Science Foundation [ECCS-1542152, CHE-1566192]; Ministry of Science and
      Technology, Taiwan, Project for Postdoctoral Research Abroad Program
      [105-2917-I-564-044]. CONICYT, Chile [72150387]; COLCIENCIAS, Columbia;
      PACE, Georgia Tech.",
   doi = "10.1021/acs.chemmater.9b01069",
   }

@ARTICLE {Hwang:2018:13301,
   author = "J. Hwang and P. Li and M. D. Smith and C. E. Warden and D. A.
      Sirianni and E. C. Vik and J. M. Maier and C. J. Yehl and C. D. Sherrill
      and K. D. Shimizu",
   title = "Tipping the Balance Between {S-$\pi$} and {O-$\pi$}
      Interactions",
   journal = JACSAT,
   volume = "140",
   pages = "13301-13307",
   year = "2018",
   funding = "U.S. National Science Foundation [CHE-1709086, CHE-1310139,
      CHE-1566192]",
   doi = "10.1021/jacs.8b07617",
   }

@ARTICLE {Jaffe:1996:2780,
   author = "R. L. Jaffe and G. D. Smith",
   title = "A Quantum Chemistry Study of Benzene Dimer",
   journal = JCPSA6,
   volume = "105",
   pages = "2780-2788",
   year = "1996",
   }

@ARTICLE {Jeziorski:1994:1887,
   author = "B. Jeziorski and R. Moszynski and K. Szalewicz",
   title = "Perturbation Theory Approach to Intermolecular Potential Energy
      Surfaces of van der {W}aals Complexes",
   journal = CHREAY,
   volume = "94",
   pages = "1887-1930",
   year = "1994",
   doi = "10.1021/cr00031a008",
   }

@ARTICLE {Jurecka:2006:1985,
   author = "P. Jure{\v{c}}ka and J. {\v{S}}poner and J. {\v{C}}ern{\'y} and
      P. Hobza",
   title = "Benchmark Database of Accurate ({MP2} and {CCSD(T)} Complete Basis
      Set Limit) Interaction Energies of Small Model Complexes, {DNA} Base
      Pairs, and Amino Acid Pairs",
   journal = PPCPFQ,
   volume = "8",
   pages = "1985-1993",
   year = "2006",
   }

@ARTICLE {Kennedy:2014:121104,
   author = "M. R. Kennedy and A. {Ringer~McDonald} and A. E. DePrince and M.
      S. Marshall and R. Podeszwa and C. D. Sherrill",
   title = "Communication: {R}esolving the Three-Body Contribution to the
      Lattice Energy of Crystalline Benzene",
   journal = JCPSA6,
   volume = "140",
   pages = "121104",
   year = "2014",
   funding = "U.S. National Science Foundation [CHE-1300497, CHE-1137288],
      National Center for Computational Sciences at Oak Ridge National
      Laboratory [DE-AC05-00OR22725], Donors of the American Chemical Society
      Petroleum Research Fund [44262-AC6], Polish National Science Centre
      [DEC-2012/05/B/ST/00086]",
   doi = "10.1063/1.4869686",
   }

@ARTICLE {Knizia:2009:054104,
   author = "G. Knizia and T. B. Adler and H.-J. Werner",
   title = "Simplified {CCSD(T)-F12} Methods: Theory and Benchmarks",
   journal = JCPSA6,
   volume = "130",
   pages = "054104",
   year = "2009",
   funding = "Deutsche Forschungsgemeinschaft[SPP 1145]; Fonds der Chemischen
      Industrie",
   doi = "10.1063/1.3054300",
   }

@ARTICLE {Korona:2013:3705,
   author = "T. Korona",
   title = "A Coupled Cluster Treatment of Intramonomer Electron Correlation
      Within Symmetry-adapted Perturbation Theory: Benchmark Calculations and
      a Comparison with a Density-functional Theory Description",
   journal = MOPHAM,
   volume = "111",
   pages = "3705-3715",
   year = "2013",
   doi = "10.1080/00268976.2012.746478",
   }

@ARTICLE {Lao:2012:3241,
   author = "K. U. Lao and J. M. Herbert",
   title = "Accurate Intermolecular Interactions at Dramatically Reduced Cost:
      {XPol} Plus {SAPT} with Empirical Dispersion",
   journal = JPCLCD,
   volume = "3",
   pages = "3241-3248",
   year = "2012",
   funding = "U.S. Dept. of Energy, Office of Basic Energy Sciences, Division
      of Chemical Sciences, Biosciences, and Geosciences [DE-SC0008550]",
   doi = "10.1021/jz301015p",
   }

@ARTICLE {Marshall:2011:194102,
   author = "M. S. Marshall and L. A. Burns and C. D. Sherrill",
   title = "Basis Set Convergence of the Coupled-cluster Correction,
      {$\delta^{CCSD(T)}_{MP2}$}: Best Practices for Benchmarking Non-covalent
      Interactions and the Attendant Revision of the {S22}, {NBC10}, {HBC6},
      and {HSG} Databases",
   journal = JCPSA6,
   volume = "135",
   pages = "194102",
   year = "2011",
   funding = "National Science Foundation (NSF)[CHE-1011360, CHE-0946869]",
   doi = "10.1063/1.3659142",
   }

@ARTICLE {Misquitta:2005:214103,
   author = "A. J. Misquitta and R. Podeszwa and B. Jeziorski and K.
      Szalewicz",
   title = "Intermolecular Potentials Based On Symmetry-adapted Perturbation
      Theory with Dispersion Energies From Time-dependent Density-functional
      Calculations",
   journal = JCPSA6,
   volume = "123",
   pages = "214103",
   year = "2005",
   doi = "10.1063/1.2135288",
   }

@ARTICLE {Papajak:2011:3027,
   author = "E. Papajak and J. Zheng and X. Xu and H. R. Leverentz and D. G.
      Truhlar",
   title = "Perspectives On Basis Sets Beautiful: Seasonal Plantings of
      Diffuse Basis Functions",
   journal = JCTCCE,
   volume = "7",
   pages = "3027-3034",
   year = "2011",
   funding = "National Science Foundation[CHE09-56776]",
   doi = "10.1021/ct200106ac",
   }

@ARTICLE {Parker:2013:1306,
   author = "T. M. Parker and E. G. Hohenstein and R. M. Parrish and N. V. Hud
      and C. D. Sherrill",
   title = "Quantum-Mechanical Analysis of the Energetic Contributions to
      {$\pi$} Stacking in Nucleic Acids Versus Rise, Twist, and Slide",
   journal = JACSAT,
   volume = "135",
   pages = "1306-1316",
   year = "2013",
   funding = "U.S National Science Foundation [CHE-1011360, CHE-0946869,
      0851780], U.S. Department of Energy Computational Science Graduate
      Fellowship [DE-FG02-97ER25308]",
   doi = "10.1021/ja3063309",
   }

@ARTICLE {Parker:2014:094106,
   author = "T. M. Parker and L. A. Burns and R. M. Parrish and A. G. Ryno and
      C. D. Sherrill",
   title = "Levels of Symmetry Adapted Perturbation Theory ({SAPT}). {I}.
      {E}fficiency and Performance for Interaction Energies",
   journal = JCPSA6,
   volume = "140",
   pages = "094106",
   year = "2014",
   funding = "U.S. National Science Foundation [CHE-1300497,CHE-0946869], U.S.
      National Science Foundation REU [1156657], U.S. Department of Energy
      Computational Science Graduate Fellowship [DE-FG02-97ER25308]",
   doi = "10.1063/1.4867135",
   }

@ARTICLE {Parker:2015:4197,
   author = "T. M. Parker and C. D. Sherrill",
   title = "Assessment of Empirical Models Versus High-Acuracy Ab Initio
      Methods for Nucleobase Stacking: {E}valuating the Importance of Charge
      Penetration",
   journal = JCTCCE,
   volume = "11",
   pages = "4197-4202",
   year = "2015",
   funding = "U.S. National Science Foundation [CHE-1300497]",
   doi = "10.1021/acs.jctc.5b00588",
   }

@ARTICLE {Parrish:2013:174102,
   author = "R. M. Parrish and E. G. Hohenstein and C. D. Sherrill",
   title = "Tractability Gains in Symmetry-Adapted Perturbation Theory
      Including Coupled Double Excitations: {CCD+ST(CCD)} Dispersion with
      Natural Orbital Truncations",
   journal = JCPSA6,
   volume = "139",
   pages = "174102",
   year = "2013",
   funding = "U.S. Department of Energy Computational Science Graduate
      Fellowship [DE-FG02-97ER25308], U.S. National Science Foundation
      [CHE-1300497, ACI-1147843].",
   doi = "10.1063/1.4826520",
   }

@ARTICLE {Parrish:2014:044115,
   author = "R. M. Parrish and C. D. Sherrill",
   title = "Spatial Assignment of Symmetry Adapted Perturbation Theory
      Interaction Energy Components: The Atomic {SAPT} Partition",
   journal = JCPSA6,
   volume = "141",
   pages = "044115",
   year = "2014",
   funding = "U.S. Department of Energy Computational Science Graduate
      Fellowship [DE-FG02-97ER25308], U.S. National Science Foundation
      [CHE-1300497, ACI-1147843, CHE-0946869].",
   doi = "10.1063/1.4889855",
   }

@ARTICLE {Parrish:2014:4417,
   author = "R. M. Parrish and T. M. Parker and C. D. Sherrill",
   title = "Chemical Assignment of Symmetry-Adapted Perturbation Theory
      Interaction Energy Components: The Functional-Group SAPT Partition",
   journal = JCTCCE,
   volume = "10",
   pages = "4417-4431",
   year = "2014",
   funding = "DOE [DE-FG02-97ER25308]; National Science Foundation
      [CHE-1300497]; NSF CRIF award [CHE-0946869]; Georgia Tech.",
   doi = "10.1021/ct500724p",
   }

@ARTICLE {Parrish:2017:3185,
   author = "R. M. Parrish and L. A. Burns and D. G. A. Smith and A. C.
      Simmonett and A. E. DePrince and E. G. Hohenstein and U. Bozkaya and A.
      Yu. Sokolov and R. {Di~Remigio} and R. M. Richard and J. F. Gonthier and
      A. M. James and H. R. McAlexander and A. Kumar and M. Saitow and X. Wang
      and B. P. Pritchard and P. Verma and H. F. Schaefer and K. Patkowski and
      R. A. King and E. F. Valeev and F. A. Evangelista and J. M. Turney and
      T. D. Crawford and C. D. Sherrill",
   title = "{Psi4 1.1}: {A}n Open-Source Electronic Structure Program
      Emphasizing Automation, Advanced Libraries, and Interoperability",
   journal = JCTCCE,
   volume = "13",
   pages = "3185-3197",
   year = "2017",
   funding = "U.S. National Science Foundation [ACI-1147843, CHE-1300497,
      CHE-1351978, CHE-1361178, ACI-1449723, ACI-1450169, ACI-1465149,
      CHE-1566192, ACI-1609842]; U.S. Department of Energy [DE-SC0015512,
      DE-SC0016004], U.S. Department of Defense [HPCMP Applications Software
      Initiative (HASI) grant]; Scientific and Technological Research Council
      of Turkey [TUBITAK-114Z786]; European Cooperation in Science and",
   doi = "10.1021/acs.jctc.7b00174",
   }

@ARTICLE {Parrish:2017:7887,
   author = "R. M. Parrish and D. F. Sitkoff and D. L. Cheney and C. D.
      Sherrill",
   title = "The Surprising Importance of Peptide Bond Contacts in Drug-Protein
      Interactions",
   journal = CEUJED,
   volume = "23",
   pages = "7887-7890",
   year = "2017",
   funding = "National Science Foundation [CHE-1566192], DOE Computational
      Science Graduate Fellowship [DE-FG02-97ER25308]",
   doi = "10.1002/chem.201701031",
   }

@ARTICLE {Parrish:2018:1737,
   author = "R. M. Parrish and K. C. Thompson and T. J. Mart{\'i}nez",
   title = "Large-Scale Functional Group Symmetry-Adapted Perturbation Theory
      On Graphical Processing Units",
   journal = JCTCCE,
   volume = "14",
   pages = "1737-1753",
   year = "2018",
   funding = "National Science Foundation [ACI-1450179]",
   doi = "10.1021/acs.jctc.7b01053",
   }

@ARTICLE {Podeszwa:2010:550,
   author = "R. Podeszwa and K. Pernal and K. Patkowski and K. Szalewicz",
   title = "Extension of the Hartree-Fock Plus Dispersion Method by
      First-Order Correlation Effects",
   journal = JPCLCD,
   volume = "1",
   pages = "550-555",
   year = "2010",
   funding = "ONR; NSF [CHE-0848589]; DoD DURIP; Polish Science Foundation
      Homing Grant; DoD HPCMP",
   doi = "10.1021/jz9002444",
   }

@ARTICLE {Raghavachari:1989,
   author = "K. Raghavachari and G. W. Trucks and J. A. Pople and M.
      Head-Gordon",
   title = "A 5th-Order Perturbation Comparison of Electron Correlation
      Theories",
   journal = CHPLBC,
   volume = "157",
   pages = "479-483",
   year = "1989",
   }

@ARTICLE {Rezac:2011:2427,
   author = "J. {\v{R}}ez{\'a}{\v{c}} and K. E. Riley and P. Hobza",
   title = "S66: {A} Well-Balanced Database of Benchmark Interaction Energies
      Relevant to Biomolecular Structures",
   journal = JCTCCE,
   volume = "7",
   pages = "2427-2438",
   year = "2011",
   doi = "10.1021/ct2002946",
   }

@ARTICLE {Rezac:2011:3466,
   author = "J. {\v{R}}ez{\'a}{\v{c}} and K. E. Riley and P. Hobza",
   title = "Extensions of the S66 Data Set: More Accurate Interaction Energies
      and Angular-Displaced Nonequilibrium Geometries",
   journal = JCTCCE,
   volume = "7",
   pages = "3466-3470",
   year = "2011",
   doi = "10.1021/ct200523a",
   }

@ARTICLE {Rezac:2013:2151,
   author = "J. {\v{R}}ez{\'a}{\v{c}} and P. Hobza",
   title = "Describing Noncovalent Interactions Beyond the Common
      Approximations: How Accurate Is the Gold Standard, CCSD(T) at the
      Complete Basis Set Limit?",
   journal = JCTCCE,
   volume = "9",
   pages = "2151-2155",
   year = "2013",
   doi = "10.1021/ct400057w",
   }

@ARTICLE {Richard:2018:2386,
   author = "R. M. Richard and B. W. Bakr and C. D. Sherrill",
   title = "Understanding the Many-Body Basis Set Superposition Error: Beyond
      {B}oys and {B}ernardi",
   journal = JCTCCE,
   volume = "14",
   pages = "2386-2400",
   year = "2018",
   funding = "U.S. National Science Foundation [CHE-1566192, ACI-1147843].
      U.S. Department of Defense HPCMP Applications Software Initiative (HASI)
      grant. U.S. National Science Foundation XSEDE grants [CHE-140145,
      CCR-140016]",
   doi = "10.1021/acs.jctc.7b01232",
   }

@ARTICLE {Ringer:2007:2216,
   author = "A. L. Ringer and A. Senenko and C. D. Sherrill",
   title = "Models of {S/$\pi$} Interactions in Protein Structures:
      {C}omparison of the {H$_2$S-benzene} Complex with {PDB} Data",
   journal = PRCIEI,
   volume = "16",
   pages = "2216-2223",
   year = "2007",
   doi = "10.1110/ps.073002307",
   }

@ARTICLE {Risthaus:2013:1580,
   author = "T. Risthaus and S. Grimme",
   title = "Benchmarking of London Dispersion-Accounting Density Functional
      Theory Methods On Very Large Molecular Complexes",
   journal = JCTCCE,
   volume = "9",
   pages = "1580-1591",
   year = "2013",
   funding = "Fonds der Chemischen Industrie; International NRW Graduate
      School of Chemistry",
   doi = "10.1021/ct301081n",
   }

@ARTICLE {Sherrill:2009:10146,
   author = "C. D. Sherrill and T. Takatani and E. G. Hohenstein",
   title = "An Assessment of Theoretical Methods for Nonbonded Interactions:
      Comparison to Complete Basis Set Limit Coupled-Cluster Potential Energy
      Curves for the Benzene Dimer, the Methane Dimer, Benzene-Methane, and
      Benzene-{H$_2$S}",
   journal = JPCAFH,
   volume = "113",
   pages = "10146-10159",
   year = "2009",
   doi = "10.1021/jp9034375",
   }

@ARTICLE {Sherrill:2009:2187,
   author = "C. D. Sherrill and B. G. Sumpter and M. O. Sinnokrot and M. S.
      Marshall and E. G. Hohenstein and R. C. Walker and I. R. Gould",
   title = "Assessment of Standard Force Field Models Against High-Quality Ab
      Initio Potential Curves for Prototypes of {$\pi$}-{$\pi$}, {CH/$\pi$},
      and {SH/$\pi$} Interactions",
   journal = JCCHDD,
   volume = "30",
   pages = "2187-2193",
   year = "2009",
   doi = "10.1002/jcc.21226",
   }

@ARTICLE {Sherrill:2013:1020,
   author = "C. D. Sherrill",
   title = "Energy Component Analysis of {$\pi$} Interactions",
   journal = ACHRE4,
   volume = "46",
   pages = "1020-1028",
   year = "2013",
   funding = "U.S. National Science Foundation [CHE-1011360, CHE-0946869]",
   doi = "10.1021/ar3001124",
   }

@ARTICLE {Sinnokrot:2002:10887,
   author = "M. O. Sinnokrot and E. F. Valeev and C. D. Sherrill",
   title = "Estimates of the Ab Initio Limit for {$\pi$-$\pi$} Interactions:
      The Benzene Dimer",
   journal = JACSAT,
   volume = "124",
   pages = "10887-10893",
   year = "2002",
   doi = "10.1021/ja025896h",
   }

@ARTICLE {Sinnokrot:2004:10200,
   author = "M. O. Sinnokrot and C. D. Sherrill",
   title = "Highly Accurate Coupled Cluster Potential Energy Curves For
      Benzene Dimer: The Sandwich, {T}-Shaped, and Parallel-Displaced
      Configurations",
   journal = JPCAFH,
   volume = "108",
   number = "46",
   pages = "10200-10207",
   year = "2004",
   doi = "10.1021/jp0469517",
   }

@ARTICLE {Sirianni:2017:86,
   author = "D. A. Sirianni and L. A. Burns and C. D. Sherrill",
   title = "Comparison of Explicitly Correlated Methods for Computing
      High-Accuracy Benchmark Energies for Noncovalent Interactions",
   journal = JCTCCE,
   volume = "13",
   pages = "86-99",
   year = "2017",
   funding = "United States National Science Foundation [CHE-1566192];
      National Science Foundation [CHE-1156657]",
   doi = "10.1021/acs.jctc.6b00797",
   }

@ARTICLE {Sirianni:2018:3004,
   author = "D. A. Sirianni and A. Alenaizan and D. L. Cheney and C. D.
      Sherrill",
   title = "Assessment of Density Functional Methods for Geometry Optimization
      of Biomolecular Van Der {W}aals Complexes",
   journal = JCTCCE,
   volume = "14",
   pages = "3004-3013",
   year = "2018",
   funding = "Bristol-Myers Squibb, U.S. National Science Foundation
      [CHE-1566192, CHE-1504217], NASA Astrobiology Program, Center for
      Chemical Evolution [CHE-1504217]",
   doi = "10.1021/acs.jctc.8b00114",
   }

@ARTICLE {Smith:2015:4934,
   author = "D. G. A. Smith and K. Patkowski",
   title = "Benchmarking the {CO$_2$} Adsorption Energy On Carbon Nanotubes",
   journal = JPCCCK,
   volume = "119",
   pages = "4934",
   year = "2015",
   doi = "10.1021/jp512926n",
   }

@ARTICLE {Smith:2016:2197,
   author = "D. G. A. Smith and L. A. Burns and K. Patkowski and C. D.
      Sherrill",
   title = "Revised Damping Parameters for the {D3} Dispersion Correction to
      Density Functional Theory",
   journal = JPCLCD,
   volume = "7",
   pages = "2197-2203",
   year = "2016",
   funding = "Donors of the American Chemical Society Petroleum Research Fund;
      NSF CAREER Award [CHE-1351978]; Intramural Grants Program at Auburn
      University; United States National Science Foundation [CHE-1300497]; NSF
      CRIF award [CHE-0946869]; Georgia Institute of Technology",
   doi = "10.1021/acs.jpclett.6b00780",
   }

@ARTICLE {Smith:2018:3504,
   author = "D. G. A. Smith and L. A. Burns and D. A. Sirianni and D. R.
      Nascimento and A. Kumar and A. M. James and J. B. Schriber and T. Zhang
      and B. Zhang and A. S. Abbott and E. J. Berquist and M. H. Lechner and
      L. A. Cunha and A. G. Heide and J. M. Waldrop and T. Y. Takeshita and A.
      Alenaizan and D. Neuhauser and R. A. King and A. C. Simmonett and J. M.
      Turney and H. F. Schaefer and F. A. Evangelista and A. E. DePrince and
      T. D. Crawford and K. Patkowski and C. D. Sherrill",
   title = "{\sc Psi4NumPy}: {A}n Interactive Quantum Chemistry Programming
      Environment for Reference Implementations and Rapid Development",
   journal = JCTCCE,
   volume = "14",
   pages = "3504-3511",
   year = "2018",
   funding = "U.S. National Science Foundation [ACI-1449723, CHE-1566192,
      CHE-1661604, CHE-1554354]; CAREER award [CHE-1351978]; Software
      Fellowship from the Molecular Sciences Software Institute - U.S.
      National Science Foundation [ACI-1547580]; Studienstiftung des Deutschen
      Volkes; National Science Foundation under the NSF Center for Chemical
      Evolution [CHE-1504217]; NASA Astrobiology Program under the NSF Cen",
   doi = "10.1021/acs.jctc.8b00286",
   }

@ARTICLE {Szalewicz:2012:254,
   author = "K. Szalewicz",
   title = "Symmetry-adapted Perturbation Theory of Intermolecular Forces",
   journal = WCMS,
   volume = "2",
   pages = "254-272",
   year = "2012",
   doi = "10.1002/wcms.86",
   }

@ARTICLE {Thanthiriwatte:2011:88,
   author = "K. S. Thanthiriwatte and E. G. Hohenstein and L. A. Burns and C.
      D. Sherrill",
   title = "Assessment of the Performance of DFT and DFT-D Methods for
      Describing Distance Dependence of Hydrogen-Bonded Interactions",
   journal = JCTCCE,
   volume = "7",
   pages = "88-96",
   year = "2011",
   funding = "National Science Foundation [CHE-1011360]",
   doi = "10.1021/ct100469b",
   }

@ARTICLE {Tkatchenko:2012:236402,
   author = "A. Tkatchenko and Jr.. R. A. DiStasio and R. Car and M.
      Scheffler",
   title = "Accurate and Efficient Method for Many-Body Van Der Waals
      Interactions",
   journal = PRLTAO,
   volume = "108",
   pages = "236402",
   year = "2012",
   doi = "10.1103/PhysRevLett.108.236402",
   }

@ARTICLE {Tsuzuki:2000:547,
   author = "S. Tsuzuki and T. Uchimaru and K. Matsumura and M. Mikami and K.
      Tanabe",
   title = "Effects of the Higher Electron Correlation Correction On The
      Calculated Intermolecular Interaction Energies of Benzene and
      Naphthalene Dimers: Comparison Between {MP2} and {CCSD(T)}
      Calculations",
   journal = CHPLBC,
   volume = "319",
   pages = "547-554",
   year = "2000",
   }

@ARTICLE {Turney:PSI4,
   author = "J. M. Turney and A. C. Simmonett and R. M. Parrish and E. G.
      Hohenstein and F. A. Evangelista and J. T. Fermann and B. J. Mintz and
      L. A. Burns and J. J. Wilke and M. L. Abrams and N. J. Russ and M. L.
      Leininger and C. L. Janssen and E. T. Seidl and W. D. Allen and H. F.
      Schaefer and R. A. King and E. F. Valeev and C. D. Sherrill and T. D.
      Crawford",
   title = "PSI4: An Open-Source {\em Ab Initio} Electronic Structure
      Program",
   journal = WCMS,
   volume = "2",
   pages = "556-565",
   year = "2012",
   funding = "US National Science Foundation (NSF) [CHE-1058420, CHE-1011360,
      CHE-1054286, CHE-0741927, CHE-0946869], US Department of Energy
      [DE-AC05-00OR22725, DE-AC0500OR22750, DEFG02-97-ER14748]",
   doi = "10.1002/wcms.93",
   }

@ARTICLE {Williams:1995:4586,
   author = "H. L. Williams and K. Szalewicz and R. Moszynski and B.
      Jeziorski",
   title = "Dispersion Energy in the Coupled Pair Approximation with
      Noniterative Inclusion of Single and Triple Excitations",
   journal = JCPSA6,
   volume = "103",
   pages = "4586-4599",
   year = "1995",
   doi = "10.1063/1.470646",
   }

@ARTICLE {Zuchowski:2008:084101,
   author = "P. S. Zuchowski and R. Podeszwa and R. Moszynski and B. Jeziorski
      and K. Szalewicz",
   title = "Symmetry-adapted Perturbation Theory Utilizing Density Functional
      Description of Monomers for High-spin Open-shell Complexes",
   journal = JCPSA6,
   volume = "129",
   pages = "084101",
   year = "2008",
   funding = "NSF [CHE-0555979]; Polish Ministry of Science and Higher
      Education [3T09A05528]; EEA Financial Mechanism",
   doi = "10.1063/1.2968556",
   }

